<?xml version="1.0" encoding="UTF-8"?>
<OAI-PMH xmlns="http://www.openarchives.org/OAI/2.0/" xmlns:xsi="http://www.w3.org/2001/XMLSchema-instance" xsi:schemaLocation="http://www.openarchives.org/OAI/2.0/ http://www.openarchives.org/OAI/2.0/OAI-PMH.xsd">
  <ListRecords>
    <record>
      <header>
        <identifier>aleph-publish:000129575</identifier>
      </header>
      <metadata>
        <record xmlns="http://www.ddb.de/professionell/mabxml/mabxml-1.xsd">
          <leader>01177vM2.01200024------h</leader>
          <controlfield tag="LDR">01177vM2.01200024------h</controlfield>
          <controlfield tag="FMT">MH</controlfield>
          <datafield tag="001" ind1="-" ind2="1">
            <subfield code="a">HT000838846</subfield>
          </datafield>
          <datafield tag="002" ind1="a" ind2="1">
            <subfield code="a">19990915</subfield>
          </datafield>
          <controlfield tag="030">a|1uc||||||25</controlfield>
          <controlfield tag="050">a|||||||||||||</controlfield>
          <controlfield tag="051">m|||||||</controlfield>
          <datafield tag="070" ind1="-" ind2="1">
            <subfield code="a">HBZ/Off</subfield>
          </datafield>
          <datafield tag="078" ind1="b" ind2="1">
            <subfield code="a">alt</subfield>
          </datafield>
          <datafield tag="080" ind1="-" ind2="1">
            <subfield code="a">10</subfield>
          </datafield>
          <datafield tag="200" ind1="-" ind2="1">
            <subfield code="e">Symposium on the Numerical Treatment of Ordinary Differential Equations, Integral and Integro-Differential Equations</subfield>
            <subfield code="d">1960</subfield>
            <subfield code="c">Rom</subfield>
            <subfield code="9">(DE-588)813673-7</subfield>
          </datafield>
          <datafield tag="204" ind1="a" ind2="1">
            <subfield code="e">Symposium on the Numerical Treatment of Ordinary Differential Equations, Integral and Integro-Differential Equations</subfield>
            <subfield code="d">1960</subfield>
            <subfield code="c">Rom</subfield>
            <subfield code="9">(DE-588)813673-7</subfield>
          </datafield>
          <datafield tag="310" ind1="-" ind2="1">
            <subfield code="a">SYMPOSIUM ON THE NUMERICAL TREATMENT OF ORDINARY DIFFERENTIAL EQUATIONS INTEGRAL AND INTEGRO-DIFFERENTIAL EQUATIONS</subfield>
          </datafield>
          <datafield tag="331" ind1="-" ind2="1">
            <subfield code="a">SYMPOSIUM ON THE NUMERICAL TREATMENT OF ORDINARY DIFFERENTIAL EQUATIONS, INTEGRAL AND INTEGRO-DIFFERENTIAL EQUATIONS. PROCEEDINGS OF THE ROME SYMPOSIUM (20-24 SEPT., 1960) = SYMPOSIUM SUR LE TRAITEMENT NUMERIQUE DES EQUATIONS DIFFERENTIELLES ORDINAIRES DES EQUATIONS INTEGRALES ET INTEGRO-DIFFERENTIELLES. ACTES DU SYMPOSIUM DE ROME (20-24 SEPTEMBRE 1960) / ORG. PAR LE CENTRE INTERN. PROVISOIRE DE CALCUL. BASEL; STUTTGART : BIRKHAEUSER, 1960. 679 S.</subfield>
          </datafield>
          <datafield tag="370" ind1="b" ind2="1">
            <subfield code="a">SYMPOSIUM SUR LE TRAITEMENT NUMERIQUE DES EQUATIONS DIFFERENTIELLES ORDINAIRES DES EQUATIONS INTEGRALES ET INTEGRO-DIFFERENTIELLES</subfield>
          </datafield>
          <datafield tag="425" ind1="a" ind2="1">
            <subfield code="a">1960</subfield>
          </datafield>
          <controlfield tag="SYS">000129575</controlfield>
          <datafield tag="PKO" ind1="-" ind2="1">
            <subfield code="e">Symposium sur le Traitement Numérique des Équations Différentielles Ordinaires, des Équations Intégrales et Integro-Différentielles</subfield>
            <subfield code="d">1960</subfield>
            <subfield code="c">Rom</subfield>
            <subfield code="9">(DE-588)813673-7</subfield>
          </datafield>
          <datafield tag="PKO" ind1="-" ind2="1">
            <subfield code="e">Symposium sur le Traitement Numérique des Équations Différentielles Ordinaires, des Équations Intégrales et Integro-Différentielles</subfield>
            <subfield code="d">1960</subfield>
            <subfield code="c">Rom</subfield>
            <subfield code="9">(DE-588)813673-7</subfield>
          </datafield>
          <datafield tag="700" ind1=" " ind2=" ">
            <subfield code="a">TAY</subfield>
          </datafield>
          <datafield tag="OWN" ind1=" " ind2=" ">
            <subfield code="a">P0001</subfield>
          </datafield>
          <datafield tag="655" ind1=" " ind2=" ">
            <subfield code="y">SYMPOSIUM ON THE NUMERICAL TREATMENT OF ORDINARY DIFFERENTIAL EQUATIONS, INTEGRAL AND INTEGRO-DIFFER</subfield>
            <subfield code="t">VIEW</subfield>
            <subfield code="u">http://digitool.hbz-nrw.de:1801/webclient/DeliveryManager?application=DIGITOOL-3&amp;owner=resourcediscovery&amp;custom_att_2=simple_viewer&amp;user=GUEST&amp;pid=1788926</subfield>
          </datafield>
          <datafield tag="TXT" ind1=" " ind2=" ">
            <subfield code="a">OCR-TEXT: 9 CONTENTS - TABLE DE MATURES PREFACE 5-7 CONTENTS (TABLE DES MATIERES) 9-13 LECTURES 15-676 LIST OF PARTICIPANTS " 677-679 LECTURES PRESENTED IN PLENARY SESSIONS A. WALTHER GENERAL REPORT ON THE NUMERICAL TREATMENT OF INTEGRAL AND INTE- GRO-DIFFERENTIAL EQUATIONS . 645-671 F. GENUYS RAPPORT GENERAL SUR LE TRAITEMENT NUMERIQUES DES EQUATIONS DIFFE- RENTIELLES . ... . ' . . . 89-103 R. COURANT GENERAL PROBLEMS CONFRONTING COMPUTING CENTERS . . . 672-676 ALPHABETICAL INDEX OF THE LECTURES ALTMAN, M., ITERATIVE METHODS FOR THE NUMERICAL SOLUTIONS OF ORDINARY DIFFE RENTIAL EQUATIONS . . . . . . 174-176 ALTERMAN, Z., [SEE PEKERIS] ANTOSIEWICZ, H. A,, LYAPUNOV-LIKE FUNCTIONS AND APPROXIMATE SOLUTIONS OF OR DINARY DIFFERENTIAL EQUATIONS . ' . . * . . . . . . . 265-268 AFTEMIADIS, N., FOURIER TRANSFORMS AND ANALYTICAL FUNCTIONS .... 380-383 ASHTON, W. D., [SEE DOUGLAS, A: S.] BLANC, CH,, ESTIMATION D'ERREURS DANS LA RESOLUTION DE PROBLEMES AUX LIMITES . 480-485 10 BOCHENEK, K., LES SOLUTIONS ASYMPTOTIQUES DES EQUATIONS DIFFERENTIELLES ET 1'EVALUATION DES RESTES 433-440 BUCKINGHAM, R. A., THE SOLUTION OF INTEGRO-DIFFERENTIAL EQUATIONS OCCURRING IN NUCLEAR COLLISION PROBLEMS 458-475 BUECKNER, H. F., AN ITERATIVE METHOD FOR SOLVING MONLINEAR INTEGRAL EQUATIONS 613-643 BUKOVICS, E., NATIIRLICHE EIGENWERT PROBLEME BEI GEWOHULICHEN DIFFERENTIAL- GLEICHUNGEN 355-361 CAPRIZ, G., A NUMERICAL APPROACH TO SOME PROBLEMS OF CONTINUUM MECHANICS AND RELATED QUESTIONS OF STABILITY 510-529 CARTERON, J. &amp; MEALLIER, A., INTEGRATION PAR UNE METHODE DE DIFFERENCE DES EQUATIONS INTRINSEQUES D'UN FIL RAIDE PESANT, AVEC CONDITIONS AUX LIMITES. AP PLICATION A LA POSE D'UNE CONDUITE 151-161 CESCHINO, F., SUR CERTAINES APPLICATIONS DE FINTEGRATION APPROCHEE . . . 42-47 CLENSHAW, C. W., THE NUMERICAL SOLUTION OF ORDINARY DIFFERENTIAL EQUATIONS IN CHEBYSHEV SERIES 222-227 COURANT, R., GENERAL PROBLEMS CONFRONTING COMPUTING CENTERS . . . 672-676</subfield>
          </datafield>
          <datafield tag="TXT" ind1=" " ind2=" ">
            <subfield code="a">DEJON, B., [SEE WALTHER] DELSARTE, J., SUR QUELQUES EQUATIONS DE TYPE RECURRENTIEL ET SUR LEURS APPLI CATIONS NUMERIQUES AUX EQUATIONS DIFFERENTIELLES ET INTEGRO-DIFFERENTIELLES . . 104-116 DIAZ, J. B., ON EXISTENCE, UNIQUENESS, AND NUMERICAL EVALUATION OF SOLUTIONS OF ORDINARY AND HYPERBOLIC DIFFERENTIAL EQUATIONS ...... 581-602 DOUGLAS, A. S., AND ASHTON, W. D., A NEW DIFFERENCE METHOD FOR SOLUTION OF CERTAIN SECOND ORDER NON-LINEAR DIFFERENTIAL EQUATIONS .... 228^250 DOUGLAS JR., J,, MATHEMATICAL PROGRAMMING AND INTEGRAL EQUATIONS . . 269-274 FENYO, S., BEMERKUNG FIBER EINE LSSUNGSMETHODE DER DIFFERENTIALGLEICHUNGS- SYSTEME 399-402 FIEDLER, M., SOME ESTIMATES OF SPECTRA OF MATRICES ...... 33-36 FINKELSTEIN, L., [SEE PEKERIS] FREY, T., UEBER EIN NEUES ITERATIONSVERFAHREN ZUR LOSUNG VON INTEGRAL- UND INTERGRODIFFERENTIALGLELCHUNGEN 384-387 GENUYS, F., RAPPORT GENERAL SUR LE TRAITMENT NUMERIQUE DES EQUATIONS DIFFE RENTIELLES 89403 11 GIESE, J. H., ON THE ASYMPTOTIC BEHAVIOR OF CERTAIN ONE-DIMENSIONAL FLOWS . 544-580 GILLES, D. C, SOME NUMERICAL SOLUTIONS OF TWO-POINT EIGENVALUE EQUATIONS WITH ONE BOUNDARY AT INFINITY . . . . 251-257 GOTO, M., ON THE GENERAL SOLUTION OF SOME NON-LINEAR DIFFERENTIAL EQUATION . 403-422 GRAFFI, D., SULL'INTEGRAZIONE APPROSSIMATA DELLE EQUAZIONI DELLA MECCANICA NON- LINEARE 447-457 GROSSMAN, K., [SEE ISAACSON] HAIN, K., AND HERTWECK, F., NUMERICAL INTEGRATION OF ORDINARY DIFFERENTIAL EQUATIONS BY DIFFERENCE METHODS WITH AUTOMATIC DETERMINATION OF STEPLENGTH 122-128 HENRICI, P., THE PROPAGATION OF ROUND-OFF ERROR IN THE NUMERICAL SOLUTION OF INITIAL VALUE PROBLEMS INVOLVING ORDINARY DIFFERENTIAL EQUATIONS OF THE SECOND ORDER ' 275-291 HERTWECK, F., [SEE HAIN] ISAACSON, E., AND GROSSMAN, K., THE NUMERICAL SOLUTION OF A SINGULAR IN TEGRAL EQUATION 300-305 KELLER, H. B., CONVERGENCE OF THE DISCFETE ORDINATE METHOD FOR THE ANISO- TROPIC SCATTERING TRANSPORT EQUATION 292-299</subfield>
          </datafield>
          <datafield tag="TXT" ind1=" " ind2=" ">
            <subfield code="a">KRUCKEBERG, P., AND UNGER, H., ON THE NUMERICAL INTEGRATION OF ORDINARY DIFFERENTIAL EQUATIONS AND THE DETERMINATION OF ERROR BOUNDS , 369-379 LANCE, G. N., AND ROGERS, M. H., THE NUMERICAL SOLUTION OF THE DIFFEREN TIAL EQUATIONS GOVERNING THE MOTION OF VISCOUS FLUID BETWEEN TWO ROTATING DISCS 213-221 LANCZOS, C, SOLUTION OF ORDINARY DIFFERENTIAL EQUATIONS BY TRIGONOMETRIC INTERPOLATION 22-32 LATTES, R., AND LIONS, J. L., SUR UNE CLASSE DE PROBLEMES AUX LIMITES INTER- VENANT EN PHYSIQUE DE REACTEURS , . , 48-88 LAUDET, M., AND OULES, H., SUR 1'INTEGRATION NUMERLQUE DES EQUATIONS INTE- GRALES DU TYPE DE VOLTERRA 117-121 LESKY, P., LOSUNG DES DREIDIMENSIONALEN VIERKORPERPROBLEMS: SORME, ELDE, MOND UND RAUMSCHIFF 15-21 LIONS, J. L., [SEE LATTES] LUKASZEWICZ, L., ACCUMULATION OF ERRORS IN APPROXIMATE CALCULATIONS . . 644-644 MAKINSON, G. J., AND YOUNG, A., THE STABILITY OF SOLUTIONS OF DIFFERENTIAL AND INTEGRAL EQUATIONS ........... 499-509 12 ME CARROLL, R., SOLUTION OF INTEGRO-DIFFERENTIAL EQUATIONS ARISING IN THE THEORY OF ATOMIC SCATTERING . 258-264 MARTENSEN, E., NUMERISCHE AUFLOSUNG DER INTEGRALGLEICHUNG DES ROBINSCHEN PROBLEMS FIIR EINE TORUSARTIGE BERANDUNG 129-150 MEALLIER, A., [SEE CARTERON] MORIGUTI, S., THEORY OF NUMERICAL CONVERGENCE OF ITERATIVE PROCESSES WITH AP PLICATIONS TO DIFFERENTIAL EQUATIONS 423-432 MOSER, J., BISTABLE SYSTEMS OF DIFFERENTIAL EQUATIONS 320-329 NICOLOVIUS R., ITERATIVE SOLUTION OF BOUNDARY VALUE PROBLEMS USING REMAINDER TERMS OF TAYLOR EXPANSIONS 162-173 NOBLE, B., THE NUMERICAL SOLUTION OF THE SINGULAR INTEGRAL EQUATION FOR THE CHARGE DISTRIBUTION ON A FLAT RECTANGULAR LAMINA 530-543 OULES, H., [SEE LAUDET] PEKERIS, C. L., ALERMAN, Z., AND FINKELSTEIN, L., SOLUTION OF THE BOLTZ- MANN HILBERT INTEGRAL EQUATION. PROPAGATION OF SOUND IN A RAREFIED GAS . . 388-398 PENNACCHI, R., SU UN METODO NUMERICO PER LA RISOLUZIONE DELLA EQUAZIONE IN- TEGRALE DI VOLTERRA 330-350</subfield>
          </datafield>
          <datafield tag="TXT" ind1=" " ind2=" ">
            <subfield code="a">POPOVICIU, T., SUR LA DELIMITATION DU RESTE DANS LES FORMULES D'APPROXIMATION LINEAIRE DE L'ANALYSE 441-446 POUZET, P., METHODE D'INTEGRATION NUMERIQUE DES EQUATIONS INTEGRATES ET IN- TEGRO-DIFFERENTIELLES DU TYPE DE VOLTERRA DE SECONDE ESPECE. FORMULES DE RUNGE-KUTTA 362-368 PUCCI, C, AN INTEGRODIFFERENTIAL EQUATION 608-612 REDISH, K. A., APPLICATION OF COMPUTING TECHNIQUES TO NUCLEAR PHYSICS . . 476-479 ROGERS, M. H., [SEE LANCE] SEEGMIILLER, G., ERROR ANALYSIS FOR THE NUMERICAL SOLUTION OF CERTAIN DIFFE RENTIAL EQUATIONS IN GASDYNARNICS 312-319 SNEIDER, M. A., APPLICAZIONE SUI CALCOLATORI ELETTRONICI TIPO 650 IBM E 1620 IBM 351-354 TEODORESCU, N., FONCTIONS HOLOMORPHES (A) ET LEUR APPROXIMATION PAR POLY- NOMES AREOLAIRES 177-212 TODD, J., THE CONDITION OF CERTAIN INTEGRAL EQUATIONS , 306-311 13 UNDERHILL, L. H., A SELF-CONSISTENT ONE-GROUP, METHOD FOR THE BOLTZMANN TRANSPORT EQUATION IN NEUTRONICS . , . 486-498 UNGER, H., [SEE KRIICKEBERG] VAN NORTON, R., ON THE SPECTRUM OF A MONO-ENERGETIC NEUTRON TRANSPORT OPERATOR 603-607 VEJVODA, O., PERTURBED BOUNDARY-VALUE PROBLEMS AND THEIR APPROXIMATE SOLUTION 37-41 WALTHER, A., AND DEJON, B., GENERAL REPORT ON THE NUMERICAL TREATMENT OF INTEGRAL AND INTEGRO-DIFFERENTIAL EQUATIONS ....... 645-671 YOUNG, A. [SEE MAKINSON]</subfield>
          </datafield>
          <datafield tag="LOC" ind1=" " ind2=" ">
            <subfield code="m">BOOK</subfield>
            <subfield code="a">P0001</subfield>
            <subfield code="b">40</subfield>
            <subfield code="d">TAY2831</subfield>
            <subfield code="i">80/22069</subfield>
            <subfield code="n">30</subfield>
            <subfield code="k">20000217</subfield>
            <subfield code="5">146356-10</subfield>
          </datafield>
        </record>
      </metadata>
    </record>
  </ListRecords>
</OAI-PMH>
